<record><leader>00000cas a22000007a 4500</leader><controlfield tag="001">19410064</controlfield><controlfield tag="008">890321d18781919moudr ne      0    0eng d</controlfield><datafield ind1=" " ind2=" " tag="010"><subfield code="a">sn 89066008 </subfield></datafield><datafield ind1=" " ind2=" " tag="040"><subfield code="a">MQN</subfield><subfield code="b">eng</subfield><subfield code="c">MQN</subfield><subfield code="d">OCLCQ</subfield></datafield><datafield ind1=" " ind2=" " tag="042"><subfield code="a">msc</subfield></datafield><datafield ind1="0" ind2="0" tag="245"><subfield code="a">Moberly daily monitor.</subfield></datafield><datafield ind1=" " ind2=" " tag="260"><subfield code="a">Moberly, Mo. :</subfield><subfield code="b">G.B. Kelly &amp; Rob't. Freeman,</subfield><subfield code="c">1878-</subfield></datafield><datafield ind1=" " ind2=" " tag="300"><subfield code="a">v.</subfield></datafield><datafield ind1=" " ind2=" " tag="310"><subfield code="a">Daily</subfield></datafield><datafield ind1="0" ind2=" " tag="362"><subfield code="a">Vol. 4, no. 231 (Jan. 7, 1878)-</subfield></datafield><datafield ind1="1" ind2=" " tag="362"><subfield code="a">Ceased in 1919.</subfield></datafield><datafield ind1=" " ind2=" " tag="580"><subfield code="a">Also issued in weekly ed.: Moberly weekly monitor, &lt;Jan. 1, 1880&gt;-Mar. 7, 1916, and: Moberly weekly monitor (Moberly, Mo. : 1917), Dec. 19, 1917-&lt;1919&gt;.</subfield></datafield><datafield ind1=" " ind2=" " tag="580"><subfield code="a">Also issued in semiweekly ed.: Semi-weekly monitor, Mar. 10-Oct. 3, 1916; and: Moberly semi-weekly monitor, Oct. 6, 1916-Dec. 14, 1917.</subfield></datafield><datafield ind1=" " ind2=" " tag="752"><subfield code="a">United States</subfield><subfield code="b">Missouri</subfield><subfield code="c">Randolph</subfield><subfield code="d">Moberly.</subfield></datafield><datafield ind1="1" ind2=" " tag="775"><subfield code="t">Moberly weekly monitor</subfield><subfield code="w">(DLC)sn 89066001</subfield></datafield><datafield ind1="1" ind2=" " tag="775"><subfield code="t">Semi-weekly monitor</subfield><subfield code="w">(DLC)sn 89066046</subfield></datafield><datafield ind1="1" ind2=" " tag="775"><subfield code="t">Moberly semi-weekly monitor</subfield><subfield code="w">(DLC)sn 89066047</subfield></datafield><datafield ind1="1" ind2=" " tag="775"><subfield code="t">Moberly weekly monitor (Moberly, Mo. : 1917)</subfield><subfield code="w">(DLC)sn 89066048</subfield></datafield><datafield ind1="0" ind2="0" tag="780"><subfield code="t">Moberly daily enterprise-monitor</subfield><subfield code="w">(DLC)sn 87052160</subfield></datafield><datafield ind1="0" ind2="7" tag="785"><subfield code="t">Moberly daily index</subfield><subfield code="w">(DLC)sn 89066009</subfield></datafield><datafield ind1="0" ind2="7" tag="785"><subfield code="t">Moberly monitor-index</subfield><subfield code="w">(DLC)sn 89066007</subfield></datafield></record>